@online{turnover,
    author = "Lélia de Matharel",
    title = "Amazon History Timeline",
    url = "https://fr.venngage.com/templates/social-media/amazon-history-timeline-5e9942ed-1474-44d3-ba8a-3d283eabe34a",
    addendum = "(Consulté le 20 novembre 2023)",
    keywords = "latex,turnover"
}

@online{history,
    author = "Venngage",
    title = "Amazon History Timeline",
    url = "https://fr.venngage.com/templates/social-media/amazon-history-timeline-5e9942ed-1474-44d3-ba8a-3d283eabe34a",
    addendum = "(Consulté le 25 novembre 2023)",
    keywords = "latex,history"
}

@online{products,
    author = "MAHESHONE",
    title = "All-things-amazon",
    url = "https://maheshone.com/amazon-products-and-services/",
    addendum = "(Consulté le 27 novembre 2023)",
    keywords = "latex,products"
}

@online{revenue,
    author = "Statista",
    title = "Annual net sales revenue of Amazon from 2004 to 2022",
    url = "https://www.statista.com/statistics/266282/annual-net-revenue-of-amazoncom/",
    addendum = "(Consulté le 27 novembre 2023)",
    keywords = "latex,revenue"
}


@online{wiki,
    author = "Contributeur",
    title = "Amazon Wikipedia",
    url = "https://fr.wikipedia.org/wiki/Amazon",
    addendum = "(Consulté le 16 novembre 2023)",
    keywords = "latex,wiki"
}


@online{aboutamazon,
    author = "Amazon",
    title = "About Amazon EU",
    url = "https://aboutamazon.eu",
    addendum = "(Consulté le 16 novembre 2023)",
    keywords = "latex,about"
}


@article{alignment,
    author = "Noah BERLANDI",
    title = "SCE-DPE pilot SCOT alignment on inputs",
    pages = "1",
    journal = "Amazon Confidential",
    year = "2022",
    keywords = "mobius"
}


@online{nuts1,
    author = "Eurostat",
    title = "NUTS and Statistical regions - level 1",
    url = "https://ec.europa.eu/eurostat/documents/345175/7451602/2021-NUTS-1-map.pdf",
    addendum = "(Consulté le 22 novembre 2023)",
    keywords = "latex,about"
}


@online{nuts2es,
    author = "Eurostat",
    title = "ESPANA NUTS level 2",
    url = "https://ec.europa.eu/eurostat/documents/345175/7451602/2016-NUTS-2-map-ES.pdf",
    addendum = "(Consulté le 22 novembre 2023)",
    keywords = "latex,about"
}

