@online{marketresearch,
  title = {History of Amazon},
  year = {2023},
  url = {https://www.marketresearch.com},
  note = {Accessed on February 15, 2023},
}
